<record><leader>00000cas a22000007a 4500</leader><controlfield tag="001">12989940</controlfield><controlfield tag="008">860108d19191937wiuwr ne      0    0eng d</controlfield><datafield ind1=" " ind2=" " tag="010"><subfield code="a">sn 86086013 </subfield></datafield><datafield ind1=" " ind2=" " tag="040"><subfield code="a">NPV</subfield><subfield code="b">eng</subfield><subfield code="c">NPV</subfield><subfield code="d">OCLCQ</subfield></datafield><datafield ind1=" " ind2=" " tag="042"><subfield code="a">msc</subfield></datafield><datafield ind1=" " ind2=" " tag="045"><subfield code="a">x1x3</subfield></datafield><datafield ind1=" " ind2=" " tag="052"><subfield code="a">4123</subfield><subfield code="b">G6</subfield></datafield><datafield ind1="0" ind2="0" tag="245"><subfield code="a">Platteville witness.</subfield></datafield><datafield ind1="1" ind2="3" tag="246"><subfield code="a">Platteville witness and mining times</subfield></datafield><datafield ind1=" " ind2=" " tag="260"><subfield code="a">Platteville, Wis. :</subfield><subfield code="b">W.M. Rindlaub,</subfield><subfield code="c">1919-1937.</subfield></datafield><datafield ind1=" " ind2=" " tag="300"><subfield code="a">8 v. :</subfield><subfield code="b">ill.</subfield></datafield><datafield ind1=" " ind2=" " tag="310"><subfield code="a">Weekly</subfield></datafield><datafield ind1="0" ind2=" " tag="362"><subfield code="a">Vol. 61, no. 36 (Dec. 10, 1919)-v. 68, no. 42 (Dec. 29, 1937).</subfield></datafield><datafield ind1=" " ind2=" " tag="500"><subfield code="a">Editor: W.M. Rindlaub.</subfield></datafield><datafield ind1=" " ind2=" " tag="530"><subfield code="a">Available on microfilm from The State Historical Society of Wisconsin.</subfield></datafield><datafield ind1=" " ind2=" " tag="752"><subfield code="a">United States</subfield><subfield code="b">Wisconsin</subfield><subfield code="c">Grant</subfield><subfield code="d">Platteville.</subfield></datafield><datafield ind1="0" ind2="0" tag="780"><subfield code="t">Platteville witness and mining times</subfield><subfield code="w">(DLC)sn 86086012</subfield></datafield><datafield ind1="0" ind2="4" tag="785"><subfield code="t">Platteville journal (Platteville, Wis. : 1899)</subfield><subfield code="w">(DLC)sn 86086300</subfield></datafield><datafield ind1="1" ind2=" " tag="029"><subfield code="a">AU@</subfield><subfield code="b">000025822203</subfield></datafield></record>